<record><leader>00000cas a22000007a 4500</leader><controlfield tag="001">11806508</controlfield><controlfield tag="008">850314d19221926utuwr ne      0    0eng d</controlfield><datafield ind1=" " ind2=" " tag="010"><subfield code="a">sn 85058055 </subfield></datafield><datafield ind1=" " ind2=" " tag="040"><subfield code="a">UNP</subfield><subfield code="b">eng</subfield><subfield code="c">UNP</subfield><subfield code="d">OCLCQ</subfield></datafield><datafield ind1=" " ind2=" " tag="042"><subfield code="a">msc</subfield></datafield><datafield ind1="0" ind2="4" tag="245"><subfield code="a">The Bingham news.</subfield></datafield><datafield ind1=" " ind2=" " tag="260"><subfield code="a">Bingham Canyon, Utah :</subfield><subfield code="b">Clark &amp; Reynolds,</subfield><subfield code="c">1922-1926.</subfield></datafield><datafield ind1=" " ind2=" " tag="300"><subfield code="a">v. :</subfield><subfield code="b">ill. ;</subfield><subfield code="c">56 cm.</subfield></datafield><datafield ind1=" " ind2=" " tag="310"><subfield code="a">Weekly</subfield></datafield><datafield ind1="0" ind2=" " tag="362"><subfield code="a">Vol. 1, no. 1 (Apr. 22, 1922)-</subfield></datafield><datafield ind1="1" ind2=" " tag="362"><subfield code="a">Ceased in 1926.</subfield></datafield><datafield ind1=" " ind2=" " tag="752"><subfield code="a">United States</subfield><subfield code="b">Utah</subfield><subfield code="c">Salt Lake</subfield><subfield code="d">Bingham Canyon.</subfield></datafield><datafield ind1="0" ind2="0" tag="785"><subfield code="t">Bingham Canyon shopping news</subfield><subfield code="w">(DLC)sn 85058056</subfield><subfield code="w">(OCoLC)11806526</subfield></datafield></record>